@MISC{guiao,
  AUTHOR = "{João Paulo Barraca \& Diogo Gomes, André Zúquete, João Manuel Rodrigues, António Adrego da Rocha, Tomás Oliveira e Silva, Sílvia Rodrigues, Óscar Pereira, António Neves, Pétia Georgieva, Vitor Cunha, José Duarte}",
  TITLE = "{\textbf{\textit{Guiões Práticos da disciplina}}}",
  HOWPUBLISHED = {Disponíveis em: \url{http://elearning.ua.pt/}},
  NOTE = {Última vez acedido: 19/04/2018}
}


