@MISC{guiao,
  AUTHOR = "{João Paulo Barraca \& Diogo Gomes, André Zúquete, João Manuel Rodrigues, António Adrego da Rocha, Tomás Oliveira e Silva, Sílvia Rodrigues, Óscar Pereira, António Neves, Pétia Georgieva, Vitor Cunha, José Duarte}",
  TITLE = "{\textbf{\textit{Guiões Práticos da disciplina}}}",
  HOWPUBLISHED = {Disponíveis em: \url{http://elearning.ua.pt/}},
  NOTE = {Última vez acedido: 19/04/2018}
}

@MISC{encript,
  AUTHOR = "{dokenzy}",
  TITLE = "{\textbf{\textit{AES Encrytion Example in Python}}}",
  HOWPUBLISHED = {\url{https://gist.github.com/dokenzy/7b64238424175742a8a1}},
  NOTE = {Última vez acedido: 19/04/2018}
}

@MISC{tcp,
  AUTHOR = "{dhcp-069093}",
  TITLE = "{\textbf{\textit{TCP Communication}}}",
  HOWPUBLISHED = {\url{https://wiki.python.org/moin/TcpCommunication}},
  NOTE = {Última vez acedido: 19/04/2018}
}

@MISC{delay,
  AUTHOR = "{Evan Fosmark \& leo}",
  TITLE = "{\textbf{\textit{How can I make a time delay in Python?}}}",
  HOWPUBLISHED = {\url{https://stackoverflow.com/questions/510348/how-can-i-make-a-time-delay-in-python}},
  NOTE = {Última vez acedido: 19/04/2018}
}

@MISC{csv,
  AUTHOR = "{Glacier \& Blab}",
  TITLE = "{\textbf{\textit{How to save Python Json output as a CSV file using modules}}}",
  HOWPUBLISHED = {\url{https://stackoverflow.com/questions/48736801/how-to-save-python-json-output-as-a-csv-file-using-modules}},
  NOTE = {Última vez acedido: 19/04/2018}
}

@MISC{args,
  AUTHOR = "{Pythonforbeginners.com}",
  TITLE = "{\textbf{\textit{How to use sys.argv in Python}}}",
  HOWPUBLISHED = {\url{http://www.pythonforbeginners.com/system/python-sys-argv}},
  NOTE = {Última vez acedido: 20/04/2018}
}
